<?xml version="1.0" encoding="UTF-8"?><collection xmlns="http://www.loc.gov/MARC21/slim"><record><leader>00453nam--2200121-i-4500</leader><controlfield tag="001">000047967</controlfield><controlfield tag="002">20161230</controlfield><controlfield tag="005">20161230201046</controlfield><controlfield tag="008">060222s1000------------r-----000-0-eng-d</controlfield><datafield ind1=" " ind2=" " tag="100"><subfield code="a">Keller, Richard</subfield></datafield><datafield ind1=" " ind2=" " tag="245"><subfield code="a">Die lichtverteilung im bildraum optischer systeme bei anwesenheit von aberrationen dritter ordnung beliebig hohen betrages unter einschluss des falles anamorphotischerabbild</subfield></datafield><datafield ind1=" " ind2=" " tag="260"><subfield code="a">Stuttgart, Technische Hochschule, 1959, 99p</subfield></datafield><datafield ind1=" " ind2=" " tag="852"><subfield code="a">15401</subfield></datafield></record></collection>